@misc{domoticaWiki,
  author = {{Wikipedia contributors}},
  title = {Domotica},
  year = {2024},
  note = {Accesso il 10 aprile 2025},
  url = {https://it.wikipedia.org/wiki/Domotica}
}
@misc{miraiBotnet,
  author = {Antonakakis, M. and April, T. and Bailey, M. et al.},
  title = {Understanding the Mirai Botnet},
  year = {2017},
  url = {https://www.usenix.org/conference/usenixsecurity17/technical-sessions/presentation/antonakakis}
}
@misc{ConnectivityStandardsAlliance2023,
  author = {{Connectivity Standards Alliance}},
  title = {Matter Specification Version 1.0},
  year = {2023},
  note = {Accesso il 10 aprile 2025},
  url = {https://csa-iot.org/all-solutions/matter/}
}

@misc{HomeAssistant2024,
  author = {{Home Assistant}},
  title = {Documentation and Integrations},
  year = {2024},
  note = {Accesso il 10 aprile 2025},
  url = {https://www.home-assistant.io/}
}

@misc{Apple2023,
  author = {{Apple Inc.}},
  title = {HomeKit Accessory Protocol Specification},
  year = {2023},
  note = {Accesso il 10 aprile 2025},
  url = {https://developer.apple.com/homekit/}
}

@misc{Samsung2023,
  author = {{Samsung Electronics}},
  title = {SmartThings Developer Documentation},
  year = {2023},
  note = {Accesso il 10 aprile 2025},
  url = {https://smartthings.developer.samsung.com/}
}
